<record><leader>00000cas a22000007a 4500</leader><controlfield tag="001">15862608</controlfield><controlfield tag="008">870608d1881188uwiuwr ne      0    0eng d</controlfield><datafield ind1=" " ind2=" " tag="010"><subfield code="a">sn 87082642 </subfield></datafield><datafield ind1=" " ind2=" " tag="040"><subfield code="a">NPV</subfield><subfield code="b">eng</subfield><subfield code="c">NPV</subfield><subfield code="d">OCLCQ</subfield></datafield><datafield ind1=" " ind2=" " tag="042"><subfield code="a">msc</subfield></datafield><datafield ind1="0" ind2="0" tag="245"><subfield code="a">Sonntagsblatt, Milwaukee Freie Presse.</subfield></datafield><datafield ind1="3" ind2="0" tag="246"><subfield code="a">Milwaukee Wegweiser</subfield></datafield><datafield ind1="3" ind2="0" tag="246"><subfield code="a">Sonntagsblatt der Milwaukee Freie Presse</subfield></datafield><datafield ind1=" " ind2=" " tag="260"><subfield code="a">Milwaukee, Wis. :</subfield><subfield code="b">Freie Presse Print. Co.,</subfield><subfield code="c">1881-</subfield></datafield><datafield ind1=" " ind2=" " tag="300"><subfield code="a">v.</subfield></datafield><datafield ind1=" " ind2=" " tag="310"><subfield code="a">Weekly</subfield></datafield><datafield ind1="0" ind2=" " tag="362"><subfield code="a">37. Jahrg., no. 34 (24. Juli 1881)-</subfield></datafield><datafield ind1=" " ind2=" " tag="500"><subfield code="a">Added masthead: Milwaukee Wegweiser, Vol. 1, no. 10 (24. Juli 1881)-</subfield></datafield><datafield ind1=" " ind2=" " tag="500"><subfield code="a">Title varies: Sonntagsblatt der Milwaukee Freie Presse, Jan. 18, 1885-&lt;June 14, 1885&gt;.</subfield></datafield><datafield ind1=" " ind2=" " tag="752"><subfield code="a">United States</subfield><subfield code="b">Wisconsin</subfield><subfield code="c">Milwaukee</subfield><subfield code="d">Milwaukee.</subfield></datafield><datafield ind1=" " ind2=" " tag="752"><subfield code="a">United States</subfield><subfield code="b">Wisconsin</subfield><subfield code="c">Washington</subfield><subfield code="d">Milwaukee.</subfield></datafield><datafield ind1="0" ind2="0" tag="780"><subfield code="t">Sonntagsblatt, Freie Presse</subfield><subfield code="w">(DLC)sn 87082641</subfield></datafield></record>